
2024-02-16 * "Withholding Tax" "[OPI] Office Properties Income Trust"
  Assets:Investments:IB:Cash-EUR    0.08 USD
  Expenses:Tax:WithholdingTax:EUR  -0.08 USD

2024-05-17 * "Withholding Tax" "[OPI] Office Properties Income Trust"
  Assets:Investments:IB:Cash-EUR    0.08 USD
  Expenses:Tax:WithholdingTax:EUR  -0.08 USD

2024-08-16 * "Withholding Tax" "[OPI] Office Properties Income Trust"
  Assets:Investments:IB:Cash-EUR    0.08 USD
  Expenses:Tax:WithholdingTax:EUR  -0.08 USD

2024-11-15 * "Withholding Tax" "[OPI] Office Properties Income Trust"
  Assets:Investments:IB:Cash-EUR    0.08 USD
  Expenses:Tax:WithholdingTax:EUR  -0.08 USD

2025-02-21 * "Withholding Tax" "[OPI] Office Properties Income Trust"
  Assets:Investments:IB:Cash-EUR   -0.08 USD
  Expenses:Tax:WithholdingTax:EUR   0.08 USD

2025-02-21 * "Dividends" "[OPI] Office Properties Income Trust"
  Assets:Investments:IB:Cash-EUR       0.52 EUR
  Income:Investment:Dividends:IB:OPI  -0.52 EUR

2025-05-16 balance Assets:Investments:IB:Stocks-EUR:OPI            10 OPI
2025-05-16 balance Assets:Investments:IB:Cash-EUR                  10000.00 EUR

; 2025-05-16 * "Withholding Tax" "[OPI] Office Properties Income Trust"
;   Assets:Investments:IB:Cash-EUR   -0.08 USD
;   Expenses:Tax:WithholdingTax:EUR   0.08 USD

; 2025-05-16 * "Dividends" "[OPI] Office Properties Income Trust"
;   Assets:Investments:IB:Cash-EUR       0.52 EUR
;   Income:Investment:Dividends:IB:OPI  -0.52 EUR
